@ARTICLE{dyson1960,
       author = {{Dyson}, Freeman J.},
        title = "{Search for Artificial Stellar Sources of Infrared Radiation}",
      journal = {Science},
         year = 1960,
        month = jun,
       volume = {131},
       number = {3414},
        pages = {1667-1668},
          doi = {10.1126/science.131.3414.1667},
       adsurl = {https://ui.adsabs.harvard.edu/abs/1960Sci...131.1667D},
      adsnote = {Provided by the SAO/NASA Astrophysics Data System}
}

@ARTICLE{kardashev1964,
       author = {{Kardashev}, N.~S.},
        title = "{Transmission of Information by Extraterrestrial Civilizations.}",
      journal = {Soviet Astronomy},
         year = 1964,
        month = oct,
       volume = {8},
        pages = {217},
       adsurl = {https://ui.adsabs.harvard.edu/abs/1964SvA.....8..217K},
      adsnote = {Provided by the SAO/NASA Astrophysics Data System}
}

@ARTICLE{schwarzschild1999,
       author = {{Schwarzschild}, K.},
        title = "{On the gravitational field of a mass point according to Einstein's theory}",
      journal = {arXiv e-prints},
     keywords = {Physics - History of Physics, General Relativity and Quantum Cosmology},
         year = 1999,
        month = may,
          eid = {physics/9905030},
        pages = {physics/9905030},
          doi = {10.48550/arXiv.physics/9905030},
archivePrefix = {arXiv},
       eprint = {physics/9905030},
 primaryClass = {physics.hist-ph},
       adsurl = {https://ui.adsabs.harvard.edu/abs/1999physics...5030S},
      adsnote = {Provided by the SAO/NASA Astrophysics Data System}
}

@ARTICLE{kerr1963,
       author = {{Kerr}, Roy P.},
        title = "{Gravitational Field of a Spinning Mass as an Example of Algebraically Special Metrics}",
      journal = {Physical Review Letters},
         year = 1963,
        month = sep,
       volume = {11},
       number = {5},
        pages = {237-238},
          doi = {10.1103/PhysRevLett.11.237},
       adsurl = {https://ui.adsabs.harvard.edu/abs/1963PhRvL..11..237K},
      adsnote = {Provided by the SAO/NASA Astrophysics Data System}
}

@ARTICLE{weinstein2014,
       author = {{Weinstein}, Galina},
        title = "{Einstein, Schwarzschild, the Perihelion Motion of Mercury and the Rotating Disk Story}",
      journal = {arXiv e-prints},
     keywords = {Physics - History and Philosophy of Physics},
         year = 2014,
        month = nov,
          eid = {arXiv:1411.7370},
        pages = {arXiv:1411.7370},
          doi = {10.48550/arXiv.1411.7370},
archivePrefix = {arXiv},
       eprint = {1411.7370},
 primaryClass = {physics.hist-ph},
       adsurl = {https://ui.adsabs.harvard.edu/abs/2014arXiv1411.7370W},
      adsnote = {Provided by the SAO/NASA Astrophysics Data System}
}

@ARTICLE{pfister2007,
       author = {{Pfister}, Herbert},
        title = "{On the history of the so-called Lense-Thirring effect}",
      journal = {General Relativity and Gravitation},
     keywords = {Lense-Thirring effect, Dragging, Coriolis force, Centrifugal force, Mach's principle},
         year = 2007,
        month = nov,
       volume = {39},
       number = {11},
        pages = {1735-1748},
          doi = {10.1007/s10714-007-0521-4},
       adsurl = {https://ui.adsabs.harvard.edu/abs/2007GReGr..39.1735P},
      adsnote = {Provided by the SAO/NASA Astrophysics Data System}
}

@ARTICLE{zhang2024,
       author = {{Zhang}, Li-dong and {Li}, Li-Fang and {Xu}, Peng and {Bian}, Xing and {Luo}, Ziren},
        title = "{Constraints on Covariant Horava-Lifshitz Gravity from precision measurement of planetary gravitomagnetic field}",
      journal = {arXiv e-prints},
     keywords = {General Relativity and Quantum Cosmology, High Energy Physics - Phenomenology, High Energy Physics - Theory},
         year = 2024,
        month = oct,
          eid = {arXiv:2410.09429},
        pages = {arXiv:2410.09429},
          doi = {10.48550/arXiv.2410.09429},
archivePrefix = {arXiv},
       eprint = {2410.09429},
 primaryClass = {gr-qc},
       adsurl = {https://ui.adsabs.harvard.edu/abs/2024arXiv241009429Z},
      adsnote = {Provided by the SAO/NASA Astrophysics Data System}
}

@PHDTHESIS{scharpf2017,
       author = {{Scharpf}, Philipp},
        title = "{Simulation and Visualization of Gravitational Waves from Binary Black Holes}",
     keywords = {Gravitational Waves, Binary Black Holes, Quasinormal Modes, Simulation, Visualization, Machine Learning},
       school = {University of Konstanz, Germany},
         year = 2017,
        month = jun,
       adsurl = {https://ui.adsabs.harvard.edu/abs/2017PhDT.......410S},
      adsnote = {Provided by the SAO/NASA Astrophysics Data System}
}

@ARTICLE{penrose2002,
       author = {{Penrose}, R.},
        title = "{``Golden Oldie'': Gravitational Collapse: The Role of General Relativity}",
      journal = {General Relativity and Gravitation},
         year = 2002,
        month = jul,
       volume = {7},
        pages = {1141-1165},
          doi = {10.1023/A:1016578408204},
       adsurl = {https://ui.adsabs.harvard.edu/abs/2002GReGr..34.1141P},
      adsnote = {Provided by the SAO/NASA Astrophysics Data System}
}

@BOOK{brito2020,
       author = {{Brito}, Richard and {Cardoso}, Vitor and {Pani}, Paolo},
        title = "{Superradiance. New Frontiers in Black Hole Physics}",
         year = 2020,
       volume = {971},
          doi = {10.1007/978-3-030-46622-0},
       adsurl = {https://ui.adsabs.harvard.edu/abs/2020LNP...971.....B},
      adsnote = {Provided by the SAO/NASA Astrophysics Data System}
}

@book{misner1973,
  title={Gravitation},
  author={Misner, C.W. and Thorne, K.S. and Wheeler, J.A.},
  number={v. 3},
  isbn={9780716703440},
  lccn={78156043},
  series={Gravitation},
  url={https://books.google.cz/books?id=w4Gigq3tY1kC},
  year={1973},
  publisher={W. H. Freeman}
}