@Misc{github,
  author =   {PoruchikRzhevsky},
  title =    {Prakticka-astrofyzika},
  howpublished = {\url{https://github.com/PoruchikRzhevsky/Prakticka-astrofyzika}}
}

@ARTICLE{holczer2016,
       author = {{Holczer}, Tomer and {Mazeh}, Tsevi and {Nachmani}, Gil and {Jontof-Hutter}, Daniel and {Ford}, Eric B. and {Fabrycky}, Daniel and {Ragozzine}, Darin and {Kane}, Mackenzie and {Steffen}, Jason H.},
        title = "{Transit Timing Observations from Kepler. IX. Catalog of the Full Long-cadence Data Set}",
      journal = {\apjs},
     keywords = {planets and satellites: detection, techniques: miscellaneous, techniques: photometric, Astrophysics - Earth and Planetary Astrophysics},
         year = 2016,
        month = jul,
       volume = {225},
       number = {1},
          eid = {9},
        pages = {9},
          doi = {10.3847/0067-0049/225/1/9},
archivePrefix = {arXiv},
       eprint = {1606.01744},
 primaryClass = {astro-ph.EP},
       adsurl = {https://ui.adsabs.harvard.edu/abs/2016ApJS..225....9H},
      adsnote = {Provided by the SAO/NASA Astrophysics Data System}
}

@ARTICLE{morton2016,
       author = {{Morton}, Timothy D. and {Bryson}, Stephen T. and {Coughlin}, Jeffrey L. and {Rowe}, Jason F. and {Ravichandran}, Ganesh and {Petigura}, Erik A. and {Haas}, Michael R. and {Batalha}, Natalie M.},
        title = "{False Positive Probabilities for all Kepler Objects of Interest: 1284 Newly Validated Planets and 428 Likely False Positives}",
      journal = {\apj},
     keywords = {methods: statistical, planetary systems, Astrophysics - Earth and Planetary Astrophysics},
         year = 2016,
        month = may,
       volume = {822},
       number = {2},
          eid = {86},
        pages = {86},
          doi = {10.3847/0004-637X/822/2/86},
archivePrefix = {arXiv},
       eprint = {1605.02825},
 primaryClass = {astro-ph.EP},
       adsurl = {https://ui.adsabs.harvard.edu/abs/2016ApJ...822...86M},
      adsnote = {Provided by the SAO/NASA Astrophysics Data System}
}


