@Misc{aavso,
  title =    {AAVSO},
  howpublished = {\url{https://www.aavso.org/vsx/index.php?view=detail.top&oid=629958}}
}