@Misc{eb,
  author =   {Jonathan Irwin},
  title =    {Eclipsing binary models},
  howpublished = {\url{https://github.com/mdwarfgeek/eb}}
}