@Misc{elisa,
  author =   {Miro Fedurco},
  title =    {Elisa},
  howpublished = {\url{https://github.com/mikecokina/elisa}}
}