@Misc{stsci,
  title =    {The Mikulski Archive for Space Telescopes is an astronomical data archive},
  howpublished = {\url{https://mast.stsci.edu/portal/Mashup/Clients/Mast/Portal.html}}

}