@Misc{tess,
  author =   {Vanderspek et al., 2018},
  title =    {TESS Instrument Handbook v0.1},
  howpublished = {\url{https://heasarc.gsfc.nasa.gov/docs/tess/documentation.html}}
}