@ARTICLE{vsx,
       author = {{Watson}, C.~L. and {Henden}, A.~A. and {Price}, A.},
        title = "{The International Variable Star Index (VSX)}",
      journal = {Society for Astronomical Sciences Annual Symposium},
         year = 2006,
        month = may,
       volume = {25},
        pages = {47},
       adsurl = {https://ui.adsabs.harvard.edu/abs/2006SASS...25...47W},
      adsnote = {Provided by the SAO/NASA Astrophysics Data System}
}