@Misc{wise,
  author =   {HC-Hwang},
  title =    {Wise Light Curves},
  howpublished = {\url{https://github.com/HC-Hwang/wise_light_curves}}
}