@ARTICLE{1987ApJS...64..545G,
       author = {{Gies}, D.~R.},
        title = "{The Kinematical and Binary Properties of Association and Field O Stars}",
      journal = {\apjs},
     keywords = {Astronomical Catalogs, Binary Stars, Milky Way Galaxy, O Stars, Stellar Motions, Velocity Distribution, Early Stars, Gravitational Effects, Radial Velocity, Star Clusters, Stellar Gravitation, Astronomy, CLUSTERS: ASSOCIATIONS, STARS: BINARIES, STARS: EARLY-TYPE},
         year = 1987,
        month = jul,
       volume = {64},
        pages = {545},
          doi = {10.1086/191208},
       adsurl = {https://ui.adsabs.harvard.edu/abs/1987ApJS...64..545G},
      adsnote = {Provided by the SAO/NASA Astrophysics Data System}
}