@Misc{github,
  author =   {PoruchikRzhevsky},
  title =    {Prakticka-astrofyzika},
  howpublished = {\url{https://github.com/PoruchikRzhevsky/Praktikum-z-astronomie}}
}