@ARTICLE{1993ApJ...412..771L,
       author = {{Lamers}, Henny J.~G.~L.~M. and {Leitherer}, Claus},
        title = "{What are the Mass-Loss Rates of O Stars?}",
      journal = {\apj},
     keywords = {B Stars, Mass Flow Rate, O Stars, Radio Emission, Stellar Mass Ejection, Stellar Winds, Continuous Radiation, Early Stars, Astrophysics, RADIO CONTINUUM: STARS, STARS: EARLY-TYPE, STARS: MASS LOSS},
         year = 1993,
        month = aug,
       volume = {412},
        pages = {771},
          doi = {10.1086/172960},
       adsurl = {https://ui.adsabs.harvard.edu/abs/1993ApJ...412..771L},
      adsnote = {Provided by the SAO/NASA Astrophysics Data System}
}

