@ARTICLE{2004A&A...413..693M,
       author = {{Markova}, N. and {Puls}, J. and {Repolust}, T. and {Markov}, H.},
        title = "{Bright OB stars in the Galaxy. I. Mass-loss and wind-momentum rates of O-type stars: A pure H$\alpha$ analysis accounting for line-blanketing}",
      journal = {\aap},
     keywords = {stars: early-type, stars: mass-loss, stars: winds, outflows, stars: distances, stars: fundamental parameters},
         year = 2004,
        month = jan,
       volume = {413},
        pages = {693-709},
          doi = {10.1051/0004-6361:20031463},
       adsurl = {https://ui.adsabs.harvard.edu/abs/2004A&A...413..693M},
      adsnote = {Provided by the SAO/NASA Astrophysics Data System}
}

