@ARTICLE{2007A&A...473..603M,
       author = {{Mokiem}, M.~R. and {de Koter}, A. and {Vink}, J.~S. and {Puls}, J. and {Evans}, C.~J. and {Smartt}, S.~J. and {Crowther}, P.~A. and {Herrero}, A. and {Langer}, N. and {Lennon}, D.~J. and {Najarro}, F. and {Villamariz}, M.~R.},
        title = "{The empirical metallicity dependence of the mass-loss rate of O- and early B-type stars}",
      journal = {\aap},
     keywords = {stars: early-type, Magellanic Clouds, stars: winds, outflows, stars: evolution, stars: mass-loss, Astrophysics},
         year = 2007,
        month = oct,
       volume = {473},
       number = {2},
        pages = {603-614},
          doi = {10.1051/0004-6361:20077545},
archivePrefix = {arXiv},
       eprint = {0708.2042},
 primaryClass = {astro-ph},
       adsurl = {https://ui.adsabs.harvard.edu/abs/2007A&A...473..603M},
      adsnote = {Provided by the SAO/NASA Astrophysics Data System}
}

