@ARTICLE{1981ApJ...248.1021O,
       author = {{Olson}, G.~L. and {Ebbets}, D.},
        title = "{Mass-loss rates in early-type stars determined by fitting balmer alf profiles.}",
      journal = {\apj},
     keywords = {Balmer Series, Early Stars, H Alpha Line, Stellar Spectra, Stellar Winds, B Stars, H Beta Line, O Stars, Radiative Transfer, Astrophysics},
         year = 1981,
        month = sep,
       volume = {248},
        pages = {1021-1030},
          doi = {10.1086/159231},
       adsurl = {https://ui.adsabs.harvard.edu/abs/1981ApJ...248.1021O},
      adsnote = {Provided by the SAO/NASA Astrophysics Data System}
}