@ARTICLE{2006A&A...454..625P,
       author = {{Puls}, J. and {Markova}, N. and {Scuderi}, S. and {Stanghellini}, C. and {Taranova}, O.~G. and {Burnley}, A.~W. and {Howarth}, I.~D.},
        title = "{Bright OB stars in the Galaxy. III. Constraints on the radial stratification of the clumping factor in hot star winds from a combined H$_{{\ensuremath{\alpha}}}$, IR and radio analysis}",
      journal = {\aap},
     keywords = {infrared: stars, radio continuum: stars, stars: early-type, stars: winds, outflows, stars: mass-loss, Astrophysics},
         year = 2006,
        month = aug,
       volume = {454},
       number = {2},
        pages = {625-651},
          doi = {10.1051/0004-6361:20065073},
archivePrefix = {arXiv},
       eprint = {astro-ph/0604372},
 primaryClass = {astro-ph},
       adsurl = {https://ui.adsabs.harvard.edu/abs/2006A&A...454..625P},
      adsnote = {Provided by the SAO/NASA Astrophysics Data System}
}

