@ARTICLE{2001A&A...369..574V,
       author = {{Vink}, Jorick S. and {de Koter}, A. and {Lamers}, H.~J.~G.~L.~M.},
        title = "{Mass-loss predictions for O and B stars as a function of metallicity}",
      journal = {\aap},
     keywords = {STARS: EARLY-TYPE, STARS: MASS-LOSS, STARS: SUPERGIANTS, STARS: WINDS, STARS: EVOLUTION, Astrophysics},
         year = 2001,
        month = apr,
       volume = {369},
        pages = {574-588},
          doi = {10.1051/0004-6361:20010127},
archivePrefix = {arXiv},
       eprint = {astro-ph/0101509},
 primaryClass = {astro-ph},
       adsurl = {https://ui.adsabs.harvard.edu/abs/2001A&A...369..574V},
      adsnote = {Provided by the SAO/NASA Astrophysics Data System}
}