@INPROCEEDINGS{2000ASPC..204..427V,
       author = {{Vink}, J.~S. and {de Koter}, A. and {Lamers}, H.~J.~G.~L.~M.},
        title = "{The Bi-Stability Jump of Radiation Driven Winds}",
    booktitle = {Thermal and Ionization Aspects of Flows from Hot Stars},
         year = 2000,
       editor = {{Lamers}, Henny and {Sapar}, Arved},
       series = {Astronomical Society of the Pacific Conference Series},
       volume = {204},
        month = jan,
        pages = {427},
       adsurl = {https://ui.adsabs.harvard.edu/abs/2000ASPC..204..427V},
      adsnote = {Provided by the SAO/NASA Astrophysics Data System}
}

