@ARTICLE{2000A&A...362..295V,
       author = {{Vink}, J.~S. and {de Koter}, A. and {Lamers}, H.~J.~G.~L.~M.},
        title = "{New theoretical mass-loss rates of O and B stars}",
      journal = {\aap},
     keywords = {STARS: EARLY-TYPE, STARS: MASS-LOSS, STARS: SUPERGIANTS, STARS: WINDS, OUTFLOWS, STARS: EVOLUTION, Astrophysics},
         year = 2000,
        month = oct,
       volume = {362},
        pages = {295-309},
          doi = {10.48550/arXiv.astro-ph/0008183},
archivePrefix = {arXiv},
       eprint = {astro-ph/0008183},
 primaryClass = {astro-ph},
       adsurl = {https://ui.adsabs.harvard.edu/abs/2000A&A...362..295V},
      adsnote = {Provided by the SAO/NASA Astrophysics Data System}
}